@proceedings{Sibgrapi2015,
	Address = {Salvador, Brazil},
	Booktitle = {SIBGRAPI},
	Month = {August},
	Publisher = {{IEEE}},
	Title = {Proceedings of the XXVIII Conference on Graphics, Patterns and Images (SIBGRAPI)},
	Year = {2015},
}
